

@techreport{cbr,
  title={Brainscape’s “Confidence-Based Repetition” Methodology},
  author={Cohen, Andrew},
  year={2008},
  institution={Brainscape},
  type={Raziskovalni članek}
}


@techreport{kay,
  title={A Personal Computer for Children of All Ages},
  key={Kay},
  author={Kay, Alan C.},
  year={1972},
  institution={Xerox Palo Alto Research Center},
  type={Raziskovalni članek}
}

@incollection{MLcat,
  title={Categories of Mobile Learning Content},
  author={Udell, Chad and Woodil, Gary},
  booktitle={Mastering mobile learning},
  pages={107--109},
  year={2015},
  publisher={Pfeiffer}
}

@book{gargame1,
  title={Gamify: How Gamification Motivates People to Do Extraordinary Things},
  author={Burke, Biran},
  year={2014},
  publisher={Gartner}
}

@incollection{ItSMS,
  title={Learning Italian via mobile SMS},
  author={Kukulska-Hulme, Agnes and Traxler, John},
  booktitle={Mobile Learning: A Handbook for Educators and Trainers},
  pages={76--83},
  year={2015},
  publisher={Routledge}
}

@article{nint,
  title={Beyond Nintendo: Design and assessment of educational video games for first and second grade students},
  author={Cumsille, Patricio},
  journal={Computers and Education},
  volume={40},
  number={1},
  pages={71--94},
  year={2003},
  publisher={Pergamon Press}
}

@misc{now,
  key = {A list of all the Google Now voice commands},
  title = {{A list of all the Google Now voice commands}},
  howpublished = {Dosegljivo: \url{http://www.greenbot.com/article/2359684/android/a-list-of-all-the-ok-google-voice-commands.html}},
  note = {[Dostopano: 22. 12. 2016]},
  year = 2016
}

@misc{activerecord,
  key = {activerecord},
  title = {{Active record pattern}},
  howpublished = {Dosegljivo: \url{https://en.wikipedia.org/wiki/Active_record_pattern}},
  note = {[Dostopano: 16. 9.2017]},
  year = 2017
}

@misc{lost,
  key = {Lost Experience},
  title = {{Lost Experience}},
  howpublished = {Dosegljivo: \url{http://en.wikipedia.org/wiki/Lost_Experience}},
  note = {[Dostopano: 22. 12. 2016]},
  year = 2016
}

@misc{wwoil,
  key = {World Without Oil},
  title = {{World Without Oil}},
  howpublished = {Dosegljivo: \url{https://en.wikipedia.org/wiki/World_Without_Oil}},
  note = {[Dostopano: 22. 12. 2016]},
  year = 2016
}

@misc{trend,
  key = {Google Trends},
  title = {{Google Trends}},
  howpublished = {Dosegljivo: \url{https://www.google.com/trends/explore?date=all&q=gamification}},
  note = {[Dostopano: 27. 12. 2016]},
  year = 2016
}

@misc{conundra,
  key = {The (short) prehistory of gamification},
  title = {{The (short) prehistory of gamification}},
  howpublished = {Dosegljivo: \url{https://nanodome.wordpress.com/2011/08/09/the-short-prehistory-of-gamification/}},
  note = {[Dostopano: 27. 12. 2016]},
  year = 2016
}

@misc{translate,
  key = {Translate images},
  title = {{Translate images}},
  howpublished = {Dosegljivo: \url{https://support.google.com/translate/answer/6142483?hl=en}},
  note = {[Dostopano: 12. 1. 2016]},
  year = 2016
}

@misc{cando,
  key = {What Web Can Do Today},
  title = {{What Web Can Do Today}},
  howpublished = {Dosegljivo: \url{https://whatwebcando.today/}},
  note = {[Dostopano: 13. 1. 2016]},
  year = 2017
}

@misc{firefly,
  key = {Vanishing Firefly Project},
  title = {{Vanishing Firefly Project}},
  howpublished = {Dosegljivo: \url{http://www.clemson.edu/public/baruch/firefly_project/}},
  note = {[Dostopano: 19. 1. 2017]},
  year = 2014
}

@misc{evernote,
  key = {Cellphone Anthropology},
  title = {{Cellphone Anthropology}},
  howpublished = {Dosegljivo: \url{https://depaulmagazine.com/2014/02/28/cellphone-anthropology/}},
  note = {[Dostopano: 19. 1. 2017]},
  year = 2014
}

@misc{nexto,
  key = {Nexto},
  title = {{Nexto}},
  howpublished = {Dosegljivo: \url{http://nexto.io/#app}},
  note = {[Dostopano: 19. 1. 2017]}
}

@misc{laravel,
  key = {Laravel},
  title = {{Laravel}},
  howpublished = {Dosegljivo: \url{https://laravel.com/}},
  note = {[Dostopano: 6. 6. 2017]}
}

@misc{w3c,
  key = {W3C},
  title = {{W3C}},
  howpublished = {Dosegljivo: \url{https://www.w3.org/}},
  note = {[Dostopano: 9. 9. 2017]}
}

@misc{html,
  key = {HTML 5.1.},
  title = {{HTML 5.1.}},
  howpublished = {Dosegljivo: \url{https://www.w3.org/TR/html51/}},
  note = {[Dostopano: 9. 9. 2017]}
}

@misc{css,
  key = {CSS},
  title = {{CSS}},
  howpublished = {Dosegljivo: \url{https://www.w3.org/Style/CSS/Overview.en.html/}},
  note = {[Dostopano: 9. 9. 2017]}
}

@misc{JSgame,
  key = {2D breakout game using pure JavaScript},
  title = {{2D breakout game using pure JavaScript}},
  howpublished = {Dosegljivo: \url{https://developer.mozilla.org/en-US/docs/Games/Tutorials/2D_Breakout_game_pure_JavaScript/}},
  note = {[Dostopano: 9. 9. 2017]}
}

@misc{ES,
  key = {ECMAScript},
  title = {{ECMAScript}},
  howpublished = {Dosegljivo: \url{https://en.wikipedia.org/wiki/ECMAScript}},
  note = {[Dostopano: 9. 9. 2017]}
}

@misc{typescript,
  key = {What is TypeScript and why would I use it in place of JavaScript?},
  title = {{What is TypeScript and why would I use it in place of JavaScript?}},
  howpublished = {Dosegljivo: \url{https://stackoverflow.com/questions/12694530/what-is-typescript-and-why-would-i-use-it-in-place-of-javascript}},
  note = {[Dostopano: 9. 9. 2017]}
}

@misc{cordova,
  key = {Cordova overview},
  title = {{Cordova overview}},
  howpublished = {Dosegljivo: \url{https://cordova.apache.org/docs/en/latest/guide/overview/index.html}},
  note = {[Dostopano: 16. 9. 2017]}
}

@misc{laraauth,
  key = {Laravel authentication},
  title = {{Laravel authentication}},
  howpublished = {Dosegljivo: \url{https://laravel.com/docs/5.4/authentication}},
  note = {[Dostopano: 19. 9. 2017]}
}

@misc{postman,
  key = {Postman rest client},
  title = {{Postman rest client}},
  howpublished = {Dosegljivo: \url{https://www.getpostman.com/}},
  note = {[Dostopano: 19. 9. 2017]}
}

@misc{larablade,
  key = {Blade Templates},
  title = {{Blade Templates}},
  howpublished = {Dosegljivo: \url{https://laravel.com/docs/5.5/blade}},
  note = {[Dostopano: 19. 9. 2017]}
}

@misc{Dingo,
  key = {Dingo api for Laravel and Lumen},
  title = {{Dingo api for Laravel and Lumen}},
  howpublished = {Dosegljivo: \url{https://github.com/dingo/api}},
  note = {[Dostopano: 19. 9. 2017]}
}

@misc{jwt,
  key = {Introduction to JSON Web Tokens},
  title = {{Introduction to JSON Web Tokens}},
  howpublished = {Dosegljivo: \url{https://jwt.io/introduction/}},
  note = {[Dostopano: 20. 9. 2017]}
}

@misc{tymon,
  key = {JSON Web Token Authentication for Laravel and Lumen},
  title = {{JSON Web Token Authentication for Laravel and Lumen}},
  howpublished = {Dosegljivo: \url{https://github.com/tymondesigns/jwt-auth/}},
  note = {[Dostopano: 20. 9. 2017]}
}

@misc{Kirkpatrick,
  key = {Kirkpatrick's Four-Level Training Evaluation Model},
  title = {{Kirkpatrick's Four-Level Training Evaluation Model}},
  howpublished = {Dosegljivo: \url{https://www.mindtools.com/pages/article/kirkpatrick.htm}},
  note = {[Dostopano: 9. 12. 2017]}
}

@misc{geofence,
  key = {Geo-fence},
  title = {{Geo-fence}},
  howpublished = {Dosegljivo: \url{https://en.wikipedia.org/wiki/Geo-fence}},
  note = {[Dostopano: 9. 12. 2017]}
}

@misc{starwalk,
  key = {Star Walk 2 Free - Identify Stars in the Sky Map},
  title = {{Star Walk 2 Free - Identify Stars in the Sky Map}},
  howpublished = {Dosegljivo: \url{https://play.google.com/store/apps/details?id=com.vitotechnology.StarWalk2Free}},
  note = {[Dostopano: 10. 12. 2017]}
}

@misc{BLE,
  key = {Bluetooth Low Energy},
  title = {{Bluetooth Low Energy}},
  howpublished = {Dosegljivo: \url{https://en.wikipedia.org/wiki/Bluetooth_Low_Energy}},
  note = {[Dostopano: 10. 12. 2017]}
}

@misc{GpictureTr,
  key = {Google’s Translate},
  title = {{Google’s Translate App Can Now Use Your Camera to Translate the World in Real Time}},
  howpublished = {Dosegljivo: \url{https://petapixel.com/2015/01/14/googles-translate-app-can-now-use-camera-translate-world-real-time/}},
  note = {[Dostopano: 11. 12. 2017]}
}

@misc{Duolingo,
  key = {Duolingo},
  title = {{Duolingo}},
  howpublished = {Dosegljivo: \url{https://www.duolingo.com/}},
  note = {[Dostopano: 17. 12. 2017]}
}

@misc{Duolingo_stats,
  key = {17 Amazing Duolingo Facts and Statistics (November 2017)},
  title = {{17 Amazing Duolingo Facts and Statistics (November 2017)}},
  howpublished = {Dosegljivo: \url{https://expandedramblings.com/index.php/duolingo-facts-statistics/}},
  note = {[Dostopano: 17. 12. 2017]}
}


@misc{Brainscape,
  key = {Brainscape: The Best Flashcards App},
  title = {{Brainscape: The Best Flashcards App}},
  howpublished = {Dosegljivo: \url{https://www.brainscape.com/}},
  note = {[Dostopano: 17. 12. 2017]}
}

@misc{Sololearn_app,
  key = {SoloLearn},
  title = {{SoloLearn}},
  howpublished = {Dosegljivo: \url{https://www.sololearn.com/}},
  note = {[Dostopano: 18. 12. 2017]}
}








